@book{dominik2010_OrgModeReference,
  title = {Org {{Mode}} 7 {{Reference Manual}}: Organize Your Life with {{GNU Emacs}}, Release 7.3},
  shorttitle = {Org {{Mode}} 7 {{Reference Manual}}},
  author = {Dominik, Carsten},
  year = {2010},
  publisher = {{Network Theory}},
  address = {{Bristol}},
  annotation = {OCLC: 768970666},
  isbn = {978-1-906966-08-9},
  language = {English}
}

@article{schulte2012_MultiLanguageComputingEnvironment,
  title = {A {{Multi}}-{{Language Computing Environment}} for {{Literate Programming}} and {{Reproducible Research}}},
  author = {Schulte, Eric and Davison, Dan and Dye, Thomas and Dominik, Carsten},
  year = {2012},
  volume = {46},
  pages = {1--24},
  issn = {1548-7660},
  doi = {10.18637/jss.v046.i03},
  copyright = {Copyright (c) 2010 Eric Schulte, Dan Davison, Thomas Dye, Carsten Dominik},
  file = {/home/fsantos/Zotero/storage/82VF8DQX/Schulte et al. - 2012 - A Multi-Language Computing Environment for Literat.pdf;/home/fsantos/Zotero/storage/GEK8JEAK/v046i03.html},
  journal = {Journal of Statistical Software},
  language = {en},
  number = {1}
}

@article{santos2020_ModernMethodsOld,
  title = {Modern Methods for Old Data: {{An}} Overview of Some Robust Methods for Outliers Detection with Applications in Osteology},
  shorttitle = {Modern Methods for Old Data},
  author = {Santos, Fr{\'e}d{\'e}ric},
  year = {2020},
  volume = {32},
  pages = {102423},
  issn = {2352-409X},
  doi = {10.1016/j.jasrep.2020.102423},
  file = {/home/fsantos/PACEA_MyCore/Biblio/Zotero/Santos_2020_Modern_methods_for_old_data.pdf;/home/fsantos/Zotero/storage/5QZNF2G8/S2352409X20302145.html},
  journal = {Journal of Archaeological Science: Reports},
  language = {en}
}

@article{dye2011_ModelbasedAgeEstimate,
  title = {A Model-Based Age Estimate for {{Polynesian}} Colonization of {{Hawai}}'i},
  author = {Dye, Thomas S.},
  year = {2011},
  volume = {46},
  pages = {130--138},
  issn = {1834-4453},
  doi = {10.1002/j.1834-4453.2011.tb00107.x},
  annotation = {\_eprint: https://onlinelibrary.wiley.com/doi/pdf/10.1002/j.1834-4453.2011.tb00107.x},
  copyright = {2011 The University of Sydney},
  file = {/home/fsantos/PACEA_MyCore/Biblio/Zotero/Dye_2011_A_model-based_age_estimate_for_Polynesian.pdf;/home/fsantos/Zotero/storage/GT3V3RQE/j.1834-4453.2011.tb00107.html},
  journal = {Archaeology in Oceania},
  language = {en},
  number = {3}
}

@misc{fraga2021_MultipleSimultaneousSolution,
  title = {Multiple simultaneous solution representations in a population based evolutionary algorithm}, 
  author = {Eric S. Fraga},
  year = {2021},
  eprint = {2106.05096},
  archivePrefix = {arXiv},
  primaryClass = {cs.NE},
  url = {https://arxiv.org/abs/2106.05096}
}
